@inproceedings{maloney2007tool,
  title={A tool for improving patient discharge process and hospital communication practices: the Patient Tracker},
  author={Maloney, Christopher G and Wolfe, Douglas and Gesteland, Per H and Hales, Joe W and Nkoy, Flory L},
  booktitle={AMIA Annual Symposium Proceedings},
  volume={2007},
  pages={493},
  year={2007},
  organization={American Medical Informatics Association}
}

@article{nagykaldi2003diabetes,
  title={Diabetes Patient Tracker, a personal digital assistant-based diabetes management system for primary care practices in Oklahoma},
  author={Nagykaldi, Zsolt and Mold, James W},
  journal={Diabetes technology \& therapeutics},
  volume={5},
  number={6},
  pages={997--1001},
  year={2003},
  publisher={Mary Ann Liebert, Inc.}
}
@misc{sukovic2009surgical,
  title={Surgical navigation system including patient tracker with removable registration appendage},
  author={Sukovic, Predrag and Rakic, Miodrag and Bertolina, James A},
  year={2009},
  month=jul # "~7",
  publisher={Google Patents},
  note={US Patent 7,556,428}
}
@misc{hawkins1989patient,
  title={Patient tracking system},
  author={Hawkins, Robert E and Burke, Michael D},
  year={1989},
  month=mar # "~21",
  publisher={Google Patents},
  note={US Patent 4,814,751}
}
@inproceedings{chapman1987patient,
  title={Patient tracking system},
  author={Chapman, LJ and Hakimi, R and Salehi, D and McCord, T and Zionczkowski, B and Churchill, R},
  booktitle={Radiological Society of North America 73rd scientific assembly and annual meeting (Abstracts)},
  year={1987}
}

